@book{mintzberg,
    title={Structure in fives: designing effective organizations},
    author={Henry Mintzberg},
    location={Englewood Cliffs, N.J.},
    year={1983},
    publisher={Prentice-Hall},
    keywords = {business}
}